<?xml version="1.0" encoding="UTF-8"?><collection xmlns="http://www.loc.gov/MARC21/slim"><record><leader>00458nam--2200145-i-4500</leader><controlfield tag="001">000003638</controlfield><controlfield tag="002">20161230</controlfield><controlfield tag="005">20170208151539</controlfield><controlfield tag="008">060222s1000------------r-----000-0-eng-d</controlfield><datafield ind1=" " ind2=" " tag="100"><subfield code="a">Butchevici, I. V</subfield></datafield><datafield ind1=" " ind2=" " tag="245"><subfield code="a">Partea electrica a centralelor si a statiilor electrice. Editia 3-a revazuta. Traducere din limba rusa</subfield></datafield><datafield ind1=" " ind2=" " tag="260"><subfield code="a">Bucuresti</subfield><subfield code="b">Edit.Energetica De Stat</subfield><subfield code="c">1953</subfield></datafield><datafield ind1=" " ind2=" " tag="300"><subfield code="a">864 p. + Erata</subfield></datafield><datafield ind1=" " ind2=" " tag="700"><subfield code="a">Glazunov, A. A</subfield></datafield><datafield ind1=" " ind2=" " tag="CAT"><subfield code="a">SYS</subfield><subfield code="c">20170208</subfield><subfield code="h">151539</subfield></datafield></record></collection>